@INPROCEEDINGS{Littlewort04dynamicsof,
    author = {Gwen Littlewort and Marian Stewart Bartlett and Ian Fasel and Joshua Susskind and Javier Movellan},
    title = {Dynamics of Facial Expression Extracted Automatically from Video},
    booktitle = {J. Image & Vision Computing},
    year = {2004},
    pages = {615--625}
}

@INPROCEEDINGS{Bartlett06fullyautomatic,
    author = {Marian Stewart Bartlett and Gwen Littlewort and Mark Frank and Claudia Lainscsek and Ian Fasel and Javier Movellan},
    title = {Fully automatic facial action recognition in spontaneous behavior},
    booktitle = {in 7th International Conference on Automatic Face and Gesture Recognition},
    year = {2006},
    pages = {223--230}
}
